<record><leader>00000cas a22000007a 4500</leader><controlfield tag="001">16619539</controlfield><controlfield tag="008">870831d18801880ohudn ne      0    0eng d</controlfield><datafield ind1=" " ind2=" " tag="010"><subfield code="a">sn 87076596 </subfield></datafield><datafield ind1=" " ind2=" " tag="040"><subfield code="a">ONP</subfield><subfield code="b">eng</subfield><subfield code="c">ONP</subfield><subfield code="d">OCLCQ</subfield></datafield><datafield ind1=" " ind2=" " tag="042"><subfield code="a">msc</subfield></datafield><datafield ind1="0" ind2="0" tag="245"><subfield code="a">Daily evening forum.</subfield></datafield><datafield ind1=" " ind2=" " tag="260"><subfield code="a">Bucyrus, O. [Ohio] :</subfield><subfield code="b">J.H. Williston,</subfield><subfield code="c">1880.</subfield></datafield><datafield ind1=" " ind2=" " tag="310"><subfield code="a">Daily (except Sun.)</subfield></datafield><datafield ind1="0" ind2=" " tag="362"><subfield code="a">No. 1 (July 12, 1880)-no. 109 (Nov. 13, 1880).</subfield></datafield><datafield ind1=" " ind2=" " tag="752"><subfield code="a">United States</subfield><subfield code="b">Ohio</subfield><subfield code="c">Crawford</subfield><subfield code="d">Bucyrus.</subfield></datafield></record>